
    <zs:record>
      <zs:recordSchema/>
      <zs:recordPacking>xml</zs:recordPacking>
      <zs:recordData>
        <record xmlns="http://www.loc.gov/MARC21/slim">
          <leader>01994ccm a22003377i 4500</leader>
          <controlfield tag="001">17305899</controlfield>
          <controlfield tag="005">20210218101956.0</controlfield>
          <controlfield tag="008">120518s1863    mausga|           | eng  </controlfield>
          <datafield tag="906" ind1=" " ind2=" ">
            <subfield code="a">7</subfield>
            <subfield code="b">cbc</subfield>
            <subfield code="c">orignew</subfield>
            <subfield code="d">3</subfield>
            <subfield code="e">ncip</subfield>
            <subfield code="f">20</subfield>
            <subfield code="g">y-genmusic</subfield>
          </datafield>
          <datafield tag="925" ind1="0" ind2=" ">
            <subfield code="a">acquire</subfield>
            <subfield code="b">2 shelf copies</subfield>
            <subfield code="x">policy default</subfield>
          </datafield>
          <datafield tag="955" ind1=" " ind2=" ">
            <subfield code="a">vk00 2012-05-18</subfield>
            <subfield code="i">vk29 2012-05-18</subfield>
            <subfield code="e">vk05 2012-06-21 to Music Division</subfield>
          </datafield>
          <datafield tag="010" ind1=" " ind2=" ">
            <subfield code="a">  2012563169</subfield>
          </datafield>
          <datafield tag="028" ind1="2" ind2="2">
            <subfield code="a">3392</subfield>
            <subfield code="b">Henry Tolman &amp; Co.</subfield>
          </datafield>
          <datafield tag="040" ind1=" " ind2=" ">
            <subfield code="a">DLC</subfield>
            <subfield code="b">eng</subfield>
            <subfield code="c">DLC</subfield>
            <subfield code="e">rda</subfield>
          </datafield>
          <datafield tag="050" ind1="0" ind2="0">
            <subfield code="a">M1</subfield>
            <subfield code="b">.A15 vol. 3</subfield>
          </datafield>
          <datafield tag="100" ind1="1" ind2=" ">
            <subfield code="a">Buckley, Frederick,</subfield>
            <subfield code="d">1833-1864,</subfield>
            <subfield code="e">composer.</subfield>
          </datafield>
          <datafield tag="245" ind1="1" ind2="0">
            <subfield code="a">Break it gently to my mother :</subfield>
            <subfield code="b">song and chorus : sung by Buckley's serenaders /</subfield>
            <subfield code="c">words by Mary A. Griffith ; music by Fredk. Buckley.</subfield>
          </datafield>
          <datafield tag="260" ind1=" " ind2=" ">
            <subfield code="a">Boston :</subfield>
            <subfield code="b">Published by Henry Tolman &amp; Co.,</subfield>
            <subfield code="c">[1863]</subfield>
          </datafield>
          <datafield tag="300" ind1=" " ind2=" ">
            <subfield code="a">1 score (5 pages) ;</subfield>
            <subfield code="c">34 cm</subfield>
          </datafield>
          <datafield tag="336" ind1=" " ind2=" ">
            <subfield code="a">notated music</subfield>
            <subfield code="2">rdacontent</subfield>
          </datafield>
          <datafield tag="337" ind1=" " ind2=" ">
            <subfield code="a">unmediated</subfield>
            <subfield code="2">rdamedia</subfield>
          </datafield>
          <datafield tag="338" ind1=" " ind2=" ">
            <subfield code="a">volume</subfield>
            <subfield code="2">rdacarrier</subfield>
          </datafield>
          <datafield tag="546" ind1=" " ind2=" ">
            <subfield code="b">Staff notation.</subfield>
          </datafield>
          <datafield tag="500" ind1=" " ind2=" ">
            <subfield code="a">Tenth title in a volume with binder's title: E. Owens.</subfield>
            <subfield code="5">DLC</subfield>
          </datafield>
          <datafield tag="500" ind1=" " ind2=" ">
            <subfield code="a">Table of contents for M1.A15 vol. 3 laid in container.</subfield>
            <subfield code="5">DLC</subfield>
          </datafield>
          <datafield tag="500" ind1=" " ind2=" ">
            <subfield code="a">"This ballad was suggested by the following incident. On the battle-field of Gettysburg, among many of our wounded soldiers was a young man the only son of an aged mother. Hearing the surgeon tell his companions that he could not survive the ensuing night, he placed his hand upon his forehead, talking continually of his mother and sister, and said to his comrades assembled around him, "Break it gently to my mother."</subfield>
          </datafield>
          <datafield tag="561" ind1=" " ind2=" ">
            <subfield code="a">LC volume 3 has slip inserted: "Music popular 1865 to 1870, owned by Miss Eliza Owens of New York State, who married Josiah Evans Owens II. Presented to the Library of Congress by their daughter Mabel Ruth Owens, Mrs. E.V. Wilcox."</subfield>
            <subfield code="5">DLC</subfield>
          </datafield>
          <datafield tag="541" ind1=" " ind2=" ">
            <subfield code="c">Gift;</subfield>
            <subfield code="a">Mrs. E.V. Wilcox;</subfield>
            <subfield code="d">January 27, 1944.</subfield>
            <subfield code="5">DLC</subfield>
          </datafield>
          <datafield tag="650" ind1=" " ind2="0">
            <subfield code="a">Songs with piano.</subfield>
          </datafield>
          <datafield tag="651" ind1=" " ind2="0">
            <subfield code="a">United States</subfield>
            <subfield code="x">History</subfield>
            <subfield code="y">Civil War, 1861-1865</subfield>
            <subfield code="v">Songs and music.</subfield>
          </datafield>
          <datafield tag="700" ind1="1" ind2=" ">
            <subfield code="a">Griffith, Mary A.,</subfield>
            <subfield code="e">lyricist.</subfield>
          </datafield>
        </record>
      </zs:recordData>
      <zs:recordPosition>6</zs:recordPosition>
    </zs:record>