
    <zs:record>
      <zs:recordSchema/>
      <zs:recordPacking>xml</zs:recordPacking>
      <zs:recordData>
        <record xmlns="http://www.loc.gov/MARC21/slim">
          <leader>01479cam a22003737a 4500</leader>
          <controlfield tag="001">14792573</controlfield>
          <controlfield tag="005">20070914095308.0</controlfield>
          <controlfield tag="008">070402s2006    nvu      bs  s000 0 eng d</controlfield>
          <datafield tag="906" ind1=" " ind2=" ">
            <subfield code="a">7</subfield>
            <subfield code="b">cbc</subfield>
            <subfield code="c">copycat</subfield>
            <subfield code="d">2</subfield>
            <subfield code="e">ncip</subfield>
            <subfield code="f">20</subfield>
            <subfield code="g">y-gencatlg</subfield>
          </datafield>
          <datafield tag="925" ind1="0" ind2=" ">
            <subfield code="a">acquire</subfield>
            <subfield code="b">1 shelf copy</subfield>
            <subfield code="x">policy default</subfield>
          </datafield>
          <datafield tag="955" ind1=" " ind2=" ">
            <subfield code="a">ng23 2007-04-02 z-processor to SSCD</subfield>
            <subfield code="i">jx14 2007-08-17 to jx01</subfield>
            <subfield code="e">jx14 2007-09-14 to BCCD</subfield>
          </datafield>
          <datafield tag="010" ind1=" " ind2=" ">
            <subfield code="a">  2007361163</subfield>
          </datafield>
          <datafield tag="035" ind1=" " ind2=" ">
            <subfield code="a">(OCoLC)ocm73528912</subfield>
          </datafield>
          <datafield tag="040" ind1=" " ind2=" ">
            <subfield code="a">NVT</subfield>
            <subfield code="c">NVT</subfield>
            <subfield code="d">DLC</subfield>
          </datafield>
          <datafield tag="042" ind1=" " ind2=" ">
            <subfield code="a">lccopycat</subfield>
          </datafield>
          <datafield tag="050" ind1="0" ind2="0">
            <subfield code="a">RA395.A4</subfield>
            <subfield code="b">N482 2006</subfield>
          </datafield>
          <datafield tag="086" ind1=" " ind2=" ">
            <subfield code="a">29-H34HP/9:H345-2006</subfield>
            <subfield code="2">nvdocs</subfield>
          </datafield>
          <datafield tag="100" ind1="1" ind2=" ">
            <subfield code="a">Griffith, Mary.</subfield>
          </datafield>
          <datafield tag="245" ind1="1" ind2="0">
            <subfield code="a">Healthy people Nevada, 2010 /</subfield>
            <subfield code="c">[written, compiled and edited by Mary Griffith, William Lee, Wei Yang].</subfield>
          </datafield>
          <datafield tag="260" ind1=" " ind2=" ">
            <subfield code="a">Carson City, Nev. :</subfield>
            <subfield code="b">Nev. Center for Health Data and Research,</subfield>
            <subfield code="c">[2006]</subfield>
          </datafield>
          <datafield tag="300" ind1=" " ind2=" ">
            <subfield code="a">viii, 129 p. ;</subfield>
            <subfield code="c">22 x 28 cm.</subfield>
          </datafield>
          <datafield tag="500" ind1=" " ind2=" ">
            <subfield code="a">Release date: July 2006.</subfield>
          </datafield>
          <datafield tag="504" ind1=" " ind2=" ">
            <subfield code="a">Includes bibliographical references (p. 127-129).</subfield>
          </datafield>
          <datafield tag="530" ind1=" " ind2=" ">
            <subfield code="a">Also available on the Internet.</subfield>
          </datafield>
          <datafield tag="650" ind1=" " ind2="0">
            <subfield code="a">Health planning</subfield>
            <subfield code="z">Nevada.</subfield>
          </datafield>
          <datafield tag="650" ind1=" " ind2="0">
            <subfield code="a">Health status indicators</subfield>
            <subfield code="z">Nevada.</subfield>
          </datafield>
          <datafield tag="650" ind1=" " ind2="0">
            <subfield code="a">Medical care</subfield>
            <subfield code="z">Nevada</subfield>
            <subfield code="v">Statistics.</subfield>
          </datafield>
          <datafield tag="651" ind1=" " ind2="0">
            <subfield code="a">Nevada</subfield>
            <subfield code="v">Statistics, Medical.</subfield>
          </datafield>
          <datafield tag="651" ind1=" " ind2="0">
            <subfield code="a">Nevada</subfield>
            <subfield code="v">Statistics, Vital.</subfield>
          </datafield>
          <datafield tag="650" ind1=" " ind2="2">
            <subfield code="a">Health Status Indicators</subfield>
            <subfield code="z">Nevada.</subfield>
          </datafield>
          <datafield tag="700" ind1="1" ind2=" ">
            <subfield code="a">Lee, William.</subfield>
          </datafield>
          <datafield tag="700" ind1="1" ind2=" ">
            <subfield code="a">Yang, Wei.</subfield>
          </datafield>
          <datafield tag="710" ind1="1" ind2=" ">
            <subfield code="a">Nevada.</subfield>
            <subfield code="b">Center for Health Data and Research.</subfield>
          </datafield>
          <datafield tag="856" ind1="4" ind2="0">
            <subfield code="u">http://health2k.state.nv.us/nihds/publications/HP2006external.pdf</subfield>
            <subfield code="z">Viewed 10/16/2006</subfield>
          </datafield>
        </record>
      </zs:recordData>
      <zs:recordPosition>9</zs:recordPosition>
    </zs:record>