
    <zs:record>
      <zs:recordSchema/>
      <zs:recordPacking>xml</zs:recordPacking>
      <zs:recordData>
        <record xmlns="http://www.loc.gov/MARC21/slim">
          <leader>01042cam a22002777a 4500</leader>
          <controlfield tag="001">15263958</controlfield>
          <controlfield tag="005">20080820181319.0</controlfield>
          <controlfield tag="008">080416s2007    nvu          s000 0 eng d</controlfield>
          <datafield tag="906" ind1=" " ind2=" ">
            <subfield code="a">7</subfield>
            <subfield code="b">cbc</subfield>
            <subfield code="c">copycat</subfield>
            <subfield code="d">2</subfield>
            <subfield code="e">ncip</subfield>
            <subfield code="f">20</subfield>
            <subfield code="g">y-gencatlg</subfield>
          </datafield>
          <datafield tag="925" ind1="0" ind2=" ">
            <subfield code="a">acquire</subfield>
            <subfield code="b">1 shelf copy</subfield>
            <subfield code="x">policy default</subfield>
          </datafield>
          <datafield tag="955" ind1=" " ind2=" ">
            <subfield code="a">ng23 2008-04-16 z-processor to ASCD</subfield>
            <subfield code="i">jx12 2008-07-28</subfield>
            <subfield code="e">jx12 2008-07-28 to Dewey</subfield>
            <subfield code="a">aa05 2008-08-20</subfield>
          </datafield>
          <datafield tag="010" ind1=" " ind2=" ">
            <subfield code="a">  2008377502</subfield>
          </datafield>
          <datafield tag="035" ind1=" " ind2=" ">
            <subfield code="a">(OCoLC)ocn126845940</subfield>
          </datafield>
          <datafield tag="040" ind1=" " ind2=" ">
            <subfield code="a">NVT</subfield>
            <subfield code="c">NVT</subfield>
            <subfield code="d">DLC</subfield>
          </datafield>
          <datafield tag="042" ind1=" " ind2=" ">
            <subfield code="a">lccopycat</subfield>
          </datafield>
          <datafield tag="050" ind1="0" ind2="0">
            <subfield code="a">RC182.S4</subfield>
            <subfield code="b">G75 2007</subfield>
          </datafield>
          <datafield tag="082" ind1="0" ind2="0">
            <subfield code="a">362.196/944009793</subfield>
            <subfield code="2">22</subfield>
          </datafield>
          <datafield tag="086" ind1=" " ind2=" ">
            <subfield code="a">29-H34HP/9:S46</subfield>
            <subfield code="2">nvdocs</subfield>
          </datafield>
          <datafield tag="100" ind1="1" ind2=" ">
            <subfield code="a">Griffith, Mary.</subfield>
          </datafield>
          <datafield tag="245" ind1="1" ind2="0">
            <subfield code="a">Report on sepsis in Nevada, 2001-2005  /</subfield>
            <subfield code="c">written, compiled and edited by Mary Griffith, [and] William Lee.</subfield>
          </datafield>
          <datafield tag="260" ind1=" " ind2=" ">
            <subfield code="a">Carson City, Nev. :</subfield>
            <subfield code="b">Center for Health Data and Research,</subfield>
            <subfield code="c">[2007]</subfield>
          </datafield>
          <datafield tag="300" ind1=" " ind2=" ">
            <subfield code="a">vii, 98 leaves ;</subfield>
            <subfield code="c">22 x 28 cm.</subfield>
          </datafield>
          <datafield tag="500" ind1=" " ind2=" ">
            <subfield code="a">"February 2007."</subfield>
          </datafield>
          <datafield tag="650" ind1=" " ind2="0">
            <subfield code="a">Septicemia</subfield>
            <subfield code="z">Nevada</subfield>
            <subfield code="v">Statistics.</subfield>
          </datafield>
          <datafield tag="700" ind1="1" ind2=" ">
            <subfield code="a">Lee, William.</subfield>
          </datafield>
          <datafield tag="710" ind1="1" ind2=" ">
            <subfield code="a">Nevada.</subfield>
            <subfield code="b">Center for Health Data and Research.</subfield>
          </datafield>
        </record>
      </zs:recordData>
      <zs:recordPosition>10</zs:recordPosition>
    </zs:record>